<record><leader>00000cas a22000007a 4500</leader><controlfield tag="001">14763795</controlfield><controlfield tag="008">861118d18791883iauwr ne      0    0eng d</controlfield><datafield ind1=" " ind2=" " tag="010"><subfield code="a">sn 87057557 </subfield></datafield><datafield ind1=" " ind2=" " tag="040"><subfield code="a">INP</subfield><subfield code="b">eng</subfield><subfield code="c">INP</subfield><subfield code="d">OCLCQ</subfield><subfield code="d">IUL</subfield></datafield><datafield ind1=" " ind2=" " tag="042"><subfield code="a">msc</subfield></datafield><datafield ind1="0" ind2="0" tag="245"><subfield code="a">Harlan weekly herald.</subfield></datafield><datafield ind1="3" ind2="0" tag="246"><subfield code="a">Harlan herald</subfield></datafield><datafield ind1=" " ind2=" " tag="260"><subfield code="a">Harlan, Shelby County, Iowa :</subfield><subfield code="b">R.W. Robins,</subfield><subfield code="c">1879-1883.</subfield></datafield><datafield ind1=" " ind2=" " tag="300"><subfield code="a">5 v. :</subfield><subfield code="b">ill.</subfield></datafield><datafield ind1=" " ind2=" " tag="310"><subfield code="a">Weekly</subfield></datafield><datafield ind1="0" ind2=" " tag="362"><subfield code="a">Vol. 5, no. 44 (Oct. 9, 1879)-v. 9, no. 28 (July 12, 1883).</subfield></datafield><datafield ind1=" " ind2=" " tag="500"><subfield code="a">Publisher varies.</subfield></datafield><datafield ind1=" " ind2=" " tag="500"><subfield code="a">Published as: Harlan herald, Jan. 1-29, 1880.</subfield></datafield><datafield ind1=" " ind2=" " tag="752"><subfield code="a">United States</subfield><subfield code="b">Iowa</subfield><subfield code="c">Shelby</subfield><subfield code="d">Harlan.</subfield></datafield><datafield ind1="0" ind2="0" tag="780"><subfield code="t">Harlan herald</subfield><subfield code="w">(DLC)sn 84038204</subfield><subfield code="w">(OCoLC)11202992</subfield></datafield><datafield ind1="0" ind2="5" tag="780"><subfield code="t">Harlan hub</subfield><subfield code="w">(DLC)sn 87057859</subfield><subfield code="w">(OCoLC)17109650</subfield></datafield><datafield ind1="0" ind2="0" tag="785"><subfield code="t">Shelby County Republican</subfield><subfield code="w">(DLC)sn 87057432</subfield><subfield code="w">(OCoLC)17109651</subfield></datafield></record>